@book{Liou2002,
author="K. N. Liou",
title="An Introduction to Atmospheric Radiation",
publisher="Academic Press",
edition="Second Edition",
year="2002",
isbn="9780124514515"
}

@book{tagkey2006,
author = "John M. Wallace and Peter V. Hobbs",
title = "Atmospheric Science (Second Edition)",
publisher = "Academic Press",
edition = "Second Edition",
address = "San Diego",
year = "2006",
isbn = "978-0-12-732951-2",
doi = "https://doi.org/10.1016/B978-0-12-732951-2.50001-6",
url = "http://www.sciencedirect.com/science/article/pii/B9780127329512500016"
}

@electronic{pvlib-github,
Author = {William F. Holmgren and Bjoern Mueller and Robert W. Andrews and GitHub},
title = {pvlib/pvlib{-}python},
year = {2017},
url = {https://github.com/pvlib/pvlib-python},
bdsk-url-1 = {https://github.com/Sandia-Labs/PVLIB_Python}
}

@article{Ine02,
author = {Ineichen,Pierre and Perez,R.},
year = {2002},
title = {A new airmass independent formulation for the Linke turbidity coefficient},
journal = {Solar Energy},
volume = {73},
number = {3},
pages = {151-157},
note = {ID: unige:17184},
abstract = {We propose a new formulation for the Linke turbidity coefficient with the objective of removing its dependence upon solar geometry. In the process, we also develop two new simple clear sky models for global and direct normal irradiance.},
keywords = {Trouble atmosphérique; Irradiance solaire},
isbn = {0038-092X},
language = {eng},
url = {https://archive-ouverte.unige.ch/unige:17184},
}

@article{Ineichen2008758,
title = "A broadband simplified version of the Solis clear sky model ",
journal = "Solar Energy ",
volume = "82",
number = "8",
pages = "758 - 762",
year = "2008",
note = "",
issn = "0038-092X",
doi = "https://doi.org/10.1016/j.solener.2008.02.009",
url = "http://www.sciencedirect.com/science/article/pii/S0038092X08000406",
author = "Pierre Ineichen",
keywords = "Solis model",
keywords = "Clear sky",
keywords = "Irradiance modeling",
keywords = "Radiative transfer "
}

@article{佟华2004城市人为热对北京热环境的影响,
  title={城市人为热对北京热环境的影响},
  author={佟华 and 刘辉志 and 桑建国 and 胡非},
  journal={气候与环境研究},
  volume={9},
  number={3},
  pages={409--421},
  year={2004}
}
